@techreport{rfc6592,
  author = {C. Pignataro},
  title = {The Null Packet},
  howpublished = {Internet Requests for Comments},
  type = {RFC},
  number = 6592,
  year = {2012},
  month = {April},
  issn = {2070-1721},
  publisher = {RFC Editor},
  institution = {RFC Editor},
  url = {https://tools.ietf.org/html/rfc6592}
}

@inproceedings{wagner2002generalized,
  title={A generalized birthday problem},
  author={Wagner, David},
  booktitle={Annual International Cryptology Conference},
  pages={288--304},
  year={2002},
  organization={Springer}
}

@article{mac2016calling,
  title={Calling Dunbar's numbers},
  author={Mac Carron, P{\'a}draig and Kaski, Kimmo and Dunbar, Robin},
  journal={Social Networks},
  volume={47},
  pages={151--155},
  year={2016},
  publisher={Elsevier}
}